@incollection{DBLP:reference/dmkdh/TsoumakasKV10,
  author    = {Grigorios Tsoumakas and
               Ioannis Katakis and
               Ioannis P. Vlahavas},
  title     = {Mining Multi-label Data},
  booktitle = {Data Mining and Knowledge Discovery Handbook},
  year      = {2010},
  pages     = {667-685},
  ee        = {http://dx.doi.org/10.1007/978-0-387-09823-4_34},
  bibsource = {DBLP, http://dblp.uni-trier.de}
}
%% crossref  = {DBLP:reference/dmkdh/2010},

@article{Crammer03afamily,
    author = {Koby Crammer and
              Yoram Singer and
              Jaz K and
              Thomas Hofmann and
              Tomaso Poggio and
              John Shawe-taylor},
    title = {A Family of Additive Online Algorithms for Category Ranking},
    journal = {Journal of Machine Learning Research},
    year = {2003},
    volume = {3},
    pages = {2003}
}
